<record><leader>00000cas a22000007a 4500</leader><controlfield tag="001">19418907</controlfield><controlfield tag="008">890323d19271945moucr ne      0    0eng d</controlfield><datafield ind1=" " ind2=" " tag="010"><subfield code="a">sn 89066076 </subfield></datafield><datafield ind1=" " ind2=" " tag="040"><subfield code="a">MQN</subfield><subfield code="b">eng</subfield><subfield code="c">MQN</subfield><subfield code="d">OCLCQ</subfield></datafield><datafield ind1=" " ind2=" " tag="042"><subfield code="a">msc</subfield></datafield><datafield ind1="0" ind2="4" tag="245"><subfield code="a">The Louisiana press-journal and twice-a-week times.</subfield></datafield><datafield ind1=" " ind2=" " tag="260"><subfield code="a">Louisiana, Mo. :</subfield><subfield code="b">Journal Print. Co.,</subfield><subfield code="c">1927-1945.</subfield></datafield><datafield ind1=" " ind2=" " tag="300"><subfield code="a">v.</subfield></datafield><datafield ind1=" " ind2=" " tag="310"><subfield code="a">Semiweekly</subfield></datafield><datafield ind1="0" ind2=" " tag="362"><subfield code="a">Vol. 79, no. 36 (Nov. 4, 1927)-v. 91, no. 22 (Aug. 14, 1945).</subfield></datafield><datafield ind1=" " ind2=" " tag="515"><subfield code="a">Continues numbering of: Louisiana press-journal (Louisiana, Mo. : 1923).</subfield></datafield><datafield ind1=" " ind2=" " tag="752"><subfield code="a">United States</subfield><subfield code="b">Missouri</subfield><subfield code="c">Pike</subfield><subfield code="d">Louisiana.</subfield></datafield><datafield ind1="0" ind2="4" tag="780"><subfield code="t">Louisiana press-journal (Louisiana, Mo. : 1923)</subfield><subfield code="w">(DLC)sn 89066075</subfield></datafield><datafield ind1="0" ind2="4" tag="780"><subfield code="t">Twice-a-week times (Louisiana, Mo.)</subfield><subfield code="w">(DLC)sn 89066067</subfield></datafield><datafield ind1="0" ind2="5" tag="780"><subfield code="t">Pike County chronicle</subfield><subfield code="w">(DLC)sn 89066064</subfield></datafield><datafield ind1="0" ind2="0" tag="785"><subfield code="t">Louisiana press-journal (Louisiana, Mo. : 1945)</subfield><subfield code="w">(DLC)sn 89066077</subfield></datafield></record>